/data/Documents/latex/my.bib